<record><leader>00000cas a2200000 a 4500</leader><controlfield tag="001">9462484</controlfield><controlfield tag="008">830429d198u1989caudn ne      0   e0chird</controlfield><datafield ind1=" " ind2=" " tag="010"><subfield code="a">sn 87000006 </subfield></datafield><datafield ind1=" " ind2=" " tag="040"><subfield code="a">GZM</subfield><subfield code="b">eng</subfield><subfield code="c">GZM</subfield><subfield code="d">NSD</subfield><subfield code="d">NST</subfield><subfield code="d">NYS</subfield><subfield code="d">YOX</subfield><subfield code="d">OCLCQ</subfield><subfield code="d">DLC</subfield><subfield code="d">OCLCQ</subfield><subfield code="d">OCLCF</subfield><subfield code="d">OCLCO</subfield></datafield><datafield ind1=" " ind2=" " tag="012"><subfield code="m">1</subfield></datafield><datafield ind1="1" ind2=" " tag="022"><subfield code="a">0891-950X</subfield><subfield code="l">0891-950X</subfield><subfield code="2">1</subfield></datafield><datafield ind1="1" ind2=" " tag="029"><subfield code="a">AU@</subfield><subfield code="b">000015612702</subfield></datafield><datafield ind1=" " ind2=" " tag="032"><subfield code="a">668070</subfield><subfield code="b">USPS</subfield></datafield><datafield ind1=" " ind2=" " tag="037"><subfield code="b">Zhong Newspaper Ltd., 602 Kearny St., San Francisco, CA 94108</subfield></datafield><datafield ind1=" " ind2=" " tag="042"><subfield code="a">nsdp</subfield></datafield><datafield ind1=" " ind2=" " tag="043"><subfield code="a">n-us---</subfield></datafield><datafield ind1="0" ind2=" " tag="130"><subfield code="a">Zhong-bao (San Francisco, Calif.)</subfield></datafield><datafield ind1=" " ind2="0" tag="222"><subfield code="a">Zhong bao</subfield></datafield><datafield ind1="1" ind2="0" tag="245"><subfield code="a">Zhongbao =</subfield><subfield code="b">Centre daily news.</subfield></datafield><datafield ind1="3" ind2="1" tag="246"><subfield code="a">Centre daily news</subfield></datafield><datafield ind1="3" ind2="0" tag="246"><subfield code="a">Zhong bao</subfield></datafield><datafield ind1="3" ind2="0" tag="246"><subfield code="a">Center daily news</subfield></datafield><datafield ind1=" " ind2=" " tag="260"><subfield code="a">San Francisco, CA :</subfield><subfield code="b">Chung Newspaper Ltd.</subfield></datafield><datafield ind1=" " ind2=" " tag="300"><subfield code="a">v.</subfield></datafield><datafield ind1=" " ind2=" " tag="310"><subfield code="a">Daily (except Sunday and certain holidays)</subfield></datafield><datafield ind1="0" ind2=" " tag="362"><subfield code="a">-no. 2302 (Sept. 18, 1989).</subfield></datafield><datafield ind1=" " ind2=" " tag="500"><subfield code="a">Called Mei-xi ban [West America ed.] Apr. 23, 1984- ; Called Jiujinshan ban [San Francisco ed.] &lt;1988&gt;-Sept. 18, 1989.</subfield></datafield><datafield ind1=" " ind2=" " tag="546"><subfield code="a">In Chinese.</subfield></datafield><datafield ind1=" " ind2=" " tag="588"><subfield code="a">Description based on: No. 678 (Apr. 21, 1984).</subfield></datafield><datafield ind1=" " ind2=" " tag="588"><subfield code="a">Latest issue consulted: Saturday, Sept. 27, 1986.</subfield></datafield><datafield ind1=" " ind2="0" tag="650"><subfield code="a">Chinese</subfield><subfield code="z">United States</subfield><subfield code="v">Newspapers.</subfield></datafield><datafield ind1=" " ind2="0" tag="650"><subfield code="a">Chinese Americans</subfield><subfield code="v">Newspapers.</subfield></datafield><datafield ind1=" " ind2="7" tag="655"><subfield code="a">Newspapers.</subfield><subfield code="2">fast</subfield><subfield code="0">(OCoLC)fst01423814</subfield></datafield><datafield ind1=" " ind2="7" tag="650"><subfield code="a">Chinese.</subfield><subfield code="2">fast</subfield><subfield code="0">(OCoLC)fst00857169</subfield></datafield><datafield ind1=" " ind2="7" tag="650"><subfield code="a">Chinese Americans.</subfield><subfield code="2">fast</subfield><subfield code="0">(OCoLC)fst00857249</subfield></datafield><datafield ind1=" " ind2="7" tag="651"><subfield code="a">United States.</subfield><subfield code="2">fast</subfield><subfield code="0">(OCoLC)fst01204155</subfield></datafield><datafield ind1=" " ind2=" " tag="752"><subfield code="a">United States</subfield><subfield code="b">California</subfield><subfield code="c">San Francisco</subfield><subfield code="d">San Francisco.</subfield></datafield><datafield ind1="0" ind2=" " tag="775"><subfield code="a">Zhongbao (New York, N.Y.)</subfield><subfield code="w">(DLC)sn 89070135</subfield></datafield></record>